@article{stark14,
  title={Massive open online courses: how registered dietitians use MOOCs for nutrition education},
  author={Stark, Christina M and Pope, Jamie},
  journal={Journal of the Academy of Nutrition and Dietetics},
  volume={114},
  number={8},
  pages={1147--1155},
  year={2014},
  publisher={Elsevier}
}
@article{waldrop13,
  title={Campus 2.0},
  author={Waldrop, M},
  journal={Nature},
  volume={495},
  number={7440},
  pages={160--163},
  year={2013},
  publisher={Macmillan Publishers Ltd., London, England}
}
